@unpublished{AzureSecurity, 
	author	= {Charlie Kaufman and Ramanathan Venkatapathy},
	title 	= {Windows Azure\texttrademark Security Overview},
	note	= {Windows Azure Whitepapers},
	year	= {2010},
	month	= {August},
},

http://arxiv.org/abs/0907.4622
@unpublished{Aneka, 
	author    = {Christian Vecchiola and Xingchen Chu and Rajkumar Buyya},
	title     = {Aneka: A Software Platform for .NET-based Cloud Computing},
	journal   = {CoRR},
	volume    = {abs/0907.4622},
	year      = {2009},
	ee        = {http://arxiv.org/abs/0907.4622},
	bibsource = {DBLP, http://dblp.uni-trier.de}
},

@article{MapReduce, 
	author	= {Jeffrey Dean and Sanjay Ghemawat},
	title 	= {{MapReduce}: Simplified Data Processing on Large Clusters},
	journal	= {Communications of the {ACM}},
	volume	= {1},
	year	= {2008},
	month	= {January},
},

@article{DBLP:journals/corr/abs-0910-1974,
	author    = {Rajkumar Buyya and Suraj Pandey and Christian Vecchiola},
	title     = {Cloudbus Toolkit for Market-Oriented Cloud Computing},
	journal   = {CoRR},
	volume    = {abs/0910.1974},
	year      = {2009},
	ee        = {http://arxiv.org/abs/0910.1974},
	bibsource = {DBLP, http://dblp.uni-trier.de}
}
